@bachelorsthesis{enevoldsen2015pattern,
  title={Pattern matching in genomic data sequences using finite automata},
  author={Sune Grud Enevoldsen},
  school={Department of Computer Science (DIKU), University of Copenhagen},
  year={2015},
  month={May},
  note={Bachelor's thesis}
}

@inproceedings{laurikari2000nfas,
  title={{NFA}s with tagged transitions, their conversion to deterministic
                  automata and application to regular expressions},
  author={Ville Laurikari},
  booktitle={Proceedings Seventh International Symposium on String Processing
                  and Information Retrieval. SPIRE 2000},
  year={2000},
  pages={181--187},
  organization={IEEE}
}

@mastersthesis{laurikari2001efficient,
  title={Efficient submatch addressing for regular expressions},
  author={Ville Laurikari},
  school={Helsinki University of Technology},
  year={2001}
}

@article{schulz2002fast,
  title={Fast string correction with Levenshtein automata},
  author={Klaus U. Schulz and Stoyan Mihov},
  journal={International Journal on Document Analysis and Recognition},
  volume={5},
  number={1},
  pages={67--85},
  year={2002},
  publisher={Springer}
}
